@book{livro:tenembaum,
  title={Modern Operating Systems},
  author={Tanenbaum, Andrew S},
  volume={3},
  year={2008},
  publisher={Pearson}
}
@misc{ufmg,
  author = {UFMG, Universidade Federal de Minas Gerais},
  title = {Deadlocks},
  howpublished = {\url{http://homepages.dcc.ufmg.br/~scampos/cursos/so/aulas/aula9.html}},
  note = {Acessado em: 06/01/2018}
}
@misc{grafufmg,
  author = {UFMG, Universidade Federal de Minas Gerais},
  title = {Algoritmos em Grafos},
  howpublished = {\url{http://www2.dcc.ufmg.br/livros/algoritmos-edicao2/cap7/transp/completo4/cap7.pdf}},
  note = {Acessado em: 06/01/2018}
}
@misc{listadj,
  author = {UFCG, Universidade Federal de Campina Grande},
  title = {Representação de Grafos},
  howpublished = {\url{http://www.dsc.ufcg.edu.br/~abrantes/CursosAnteriores/TG051/Representacao.pdf}},
  note = {Acessado em: 09/01/2018}
}
@misc{matin,
  author = {UFRGS, Universidade Federal do Rio Grande do Sul},
  title = {Os Coeficientes do Polinômio Característico da Matriz de Adjacência de Grafos},
  howpublished = {\url{https://www.lume.ufrgs.br/bitstream/handle/10183/155814/Poster_49770.pdf?sequence=2}},
  note = {Acessado em: 09/01/2018}
}
