@misc{doc:atom,
  author = {GitHub},
  title = {Atom Flight Manual},
  howpublished = {\url{http://flight-manual.atom.io}},
  note = {Acessado em: 23/12/2017}
}
